<collection xmlns="http://www.loc.gov/MARC21/slim">
<record>
  <leader>01569nam0a2200289 i 450 </leader>
  <controlfield tag="001">IT\ICCU\CNCE\050436</controlfield>
  <controlfield tag="005">20030711000000.0</controlfield>
  <datafield tag="012" ind1=" " ind2=" ">
    <subfield code="a">t.ie i-to soel rech (3) 1592 (R)</subfield>
    <subfield code="2">fei</subfield>
  </datafield>
  <datafield tag="100" ind1=" " ind2=" ">
    <subfield code="a">20000119d1592        0itac0103    ba</subfield>
  </datafield>
  <datafield tag="101" ind1=" " ind2=" ">
    <subfield code="a">ITA</subfield>
  </datafield>
  <datafield tag="102" ind1=" " ind2=" ">
    <subfield code="a">IT</subfield>
  </datafield>
  <datafield tag="200" ind1="1" ind2=" ">
    <subfield code="a">Specchio di mormoratori, composto per il dottor Carlo Tapia: nel quale si discorre la gravezza del peccato della mormoratione, per li danni, che f,̉ e per li castighi, che Iddio gli ha dato, e si danno le regole per fuggirlo, e per non ascoltar li mormoratori</subfield>
  </datafield>
  <datafield tag="210" ind1=" " ind2=" ">
    <subfield code="a">In Napoli</subfield>
    <subfield code="c">appresso Gioseppe Cacchi</subfield>
    <subfield code="d">1592</subfield>
  </datafield>
  <datafield tag="215" ind1=" " ind2=" ">
    <subfield code="a">\8!, 103, \1! p.</subfield>
    <subfield code="d">4ʻ</subfield>
  </datafield>
  <datafield tag="620" ind1=" " ind2=" ">
    <subfield code="a">IT</subfield>
    <subfield code="d">Napoli</subfield>
  </datafield>
  <datafield tag="700" ind1=" " ind2="1">
    <subfield code="a">Tapia,</subfield>
    <subfield code="b">Carlo</subfield>
    <subfield code="3">IT\ICCU\CNCA\009145</subfield>
  </datafield>
  <datafield tag="712" ind1="0" ind2="0">
    <subfield code="a">Cacchi, Giuseppe</subfield>
    <subfield code="3">IT\ICCU\CNCT\000064</subfield>
    <subfield code="4">650</subfield>
  </datafield>
  <datafield tag="790" ind1=" " ind2="1">
    <subfield code="a">Tapia,</subfield>
    <subfield code="b">Carlo : di</subfield>
    <subfield code="3">IT\ICCU\CNCA\024977</subfield>
    <subfield code="z">Tapia, Carlo</subfield>
  </datafield>
  <datafield tag="790" ind1=" " ind2="1">
    <subfield code="a">Tapia,</subfield>
    <subfield code="b">Carolus</subfield>
    <subfield code="3">IT\ICCU\CNCA\024978</subfield>
    <subfield code="z">Tapia, Carlo</subfield>
  </datafield>
  <datafield tag="791" ind1="0" ind2="0">
    <subfield code="a">Cacchius, Iosephus</subfield>
    <subfield code="3">IT\ICCU\CNCT\004389</subfield>
    <subfield code="z">Cacchi, Giuseppe</subfield>
  </datafield>
  <datafield tag="791" ind1="0" ind2="0">
    <subfield code="a">Cacchio, Giuseppe</subfield>
    <subfield code="3">IT\ICCU\CNCT\004390</subfield>
    <subfield code="z">Cacchi, Giuseppe</subfield>
  </datafield>
  <datafield tag="801" ind1=" " ind2="3">
    <subfield code="a">IT</subfield>
    <subfield code="b">ICCU</subfield>
    <subfield code="c">20201115</subfield>
  </datafield>
  <datafield tag="899" ind1=" " ind2=" ">
    <subfield code="a">Biblioteca nazionale Vittorio Emanuele III. Napoli</subfield>
    <subfield code="1">NA0079</subfield>
    <subfield code="2">NAP BN</subfield>
  </datafield>
  <datafield tag="899" ind1=" " ind2=" ">
    <subfield code="a">Biblioteca universitaria Alessandrina. Roma</subfield>
    <subfield code="1">RM0280</subfield>
    <subfield code="2">RML 01</subfield>
  </datafield>
  <datafield tag="899" ind1=" " ind2=" ">
    <subfield code="a">Biblioteca dell&apos;Accademia nazionale dei Lincei e Corsiniana. Roma</subfield>
    <subfield code="1">RM0418</subfield>
    <subfield code="2">RML 10</subfield>
  </datafield>
  <datafield tag="911" ind1=" " ind2=" ">
    <subfield code="a">sul front.</subfield>
    <subfield code="9">IT\ICCU\CNCM\000115</subfield>
  </datafield>
  <datafield tag="921" ind1=" " ind2=" ">
    <subfield code="a">IT\ICCU\CNCM\000115</subfield>
    <subfield code="b">Aquila coronata ad ali spiegate poggia sul ramo di un tronco d&apos;albero.</subfield>
    <subfield code="e">Renovabitur.</subfield>
    <subfield code="c">V89</subfield>
    <subfield code="c">Z125</subfield>
    <subfield code="d">Dimensioni: 4 x 5,4</subfield>
    <subfield code="f">ALI</subfield>
    <subfield code="f">AQUILA</subfield>
    <subfield code="f">CORONA</subfield>
    <subfield code="f">RAMO</subfield>
    <subfield code="f">RENOVABITU</subfield>
    <subfield code="g">1576-1593</subfield>
  </datafield>
</record>
</collection>
